@article{FedVision,
    author = {Yang Liu and Anbu Huang and Yun Luo and He Huang and Youzhi Liu and Yuanyuan Chen and Lican Feng and Tianjian Chen and Han Yu and Qiang Yang},
    title = {Fedvision: An online visual object detection platform powered by federated learning},
    journal = {IAAI},
    year = {2020},
    url = "https://arxiv.org/pdf/2001.06202.pdf",
    keywords = "fedvision,fl"
}

@article{language-models,
    author = {H Brendan McMahan and Daniel Ramage and Kunal Talwar and Li Zhang},
    title = {Learning differentially private recurrent language models},
    journal = {ICLR},
    year = {2018},
    url = "https://arxiv.org/pdf/1710.06963.pdf",
    keywords = "languagemodel,fl"
}